@article{opencfd2009open,
  title={The open source CFD toolbox},
  author={OpenCFD, OpenFOAM},
  journal={User Guide, OpenCFD Ltd},
  volume={770},
  year={2009}
}
@article{kurganov2000new,
  title={New high-resolution central schemes for nonlinear conservation laws and convection--diffusion equations},
  author={Kurganov, Alexander and Tadmor, Eitan},
  journal={Journal of computational physics},
  volume={160},
  number={1},
  pages={241--282},
  year={2000},
  publisher={Elsevier}
}
@article{geuzaine2009gmsh,
  title={Gmsh: A 3-D finite element mesh generator with built-in pre-and post-processing facilities},
  author={Geuzaine, Christophe and Remacle, Jean-Fran{\c{c}}ois},
  journal={International journal for numerical methods in engineering},
  volume={79},
  number={11},
  pages={1309--1331},
  year={2009},
  publisher={Wiley Online Library}
}
@inproceedings{chitalov2021developing,
  title={Developing a module to convert OpenFOAM computational meshes to the msh format},
  author={Chitalov, D},
  booktitle={Journal of Physics: Conference Series},
  volume={2094},
  number={3},
  pages={032022},
  year={2021},
  organization={IOP Publishing}
}
@article{henderson2005experimental,
  title={An experimental study of the oscillatory flow structure of tone-producing supersonic impinging jets},
  author={Henderson, Brenda and Bridges, James and Wernet, Mark},
  journal={Journal of Fluid Mechanics},
  volume={542},
  pages={115--137},
  year={2005},
  publisher={Cambridge University Press}
}
@inproceedings{seiner1992effects,
  title={The effects of temperature on supersonic jet noise emission},
  author={Seiner, John M and Ponton, Michael K and Jansen, Bernard J and Lagen, Nicholas T},
  booktitle={14th DGLR/AIAA aeroacoustics conference},
  volume={1},
  pages={295--307},
  year={1992}
}
@article{mcguirk2021near,
  title={The near-field aerodynamic characteristics of hot high-speed jets},
  author={McGuirk, JJ and Feng, T},
  journal={Journal of Fluid Mechanics},
  volume={915},
  pages={A120},
  year={2021},
  publisher={Cambridge University Press}
}
@article{franquet2015free,
  title={Free underexpanded jets in a quiescent medium: A review},
  author={Franquet, Erwin and Perrier, Vincent and Gibout, St{\'e}phane and Bruel, Pascal},
  journal={Progress in Aerospace Sciences},
  volume={77},
  pages={25--53},
  year={2015},
  publisher={Elsevier}
}
