@article{ladenburg1948interferometric,
  title={Interferometric studies of faster than sound phenomena. Part I. The gas flow around various objects in a free, homogeneous, supersonic air stream},
  author={Ladenburg, R and Winckler, J and Van Voorhis, CC},
  journal={Physical Review},
  volume={73},
  number={11},
  pages={1359},
  year={1948},
  publisher={APS}
}
@article{ladenburg1949interferometric,
  title={Interferometric studies of faster than sound phenomena. Part II. Analysis of supersonic air jets},
  author={Ladenburg, R and Van Voorhis, CC and Winckler, J},
  journal={Physical Review},
  volume={76},
  number={5},
  pages={662},
  year={1949},
  publisher={APS}
}
@article{greenshields2010implementation,
  title={Implementation of semi-discrete, non-staggered central schemes in a colocated, polyhedral, finite volume framework, for high-speed viscous flows},
  author={Greenshields, Christopher J and Weller, Henry G and Gasparini, Luca and Reese, Jason M},
  journal={International journal for numerical methods in fluids},
  volume={63},
  number={1},
  pages={1--21},
  year={2010},
  publisher={Wiley Online Library}
}
@article{kumar2021role,
  title={Role of corner flow separation in unsteady dynamics of hypersonic flow over a double wedge geometry},
  author={Kumar, Gaurav and De, Ashoke},
  journal={Physics of Fluids},
  volume={33},
  number={3},
  year={2021},
  publisher={AIP Publishing}
}
@article{gilmanov2024development,
  title={Development and Validation of a Compressible Reacting Gas-Dynamic Flow Solver for Supersonic Combustion},
  author={Gilmanov, Anvar and Gokulakrishnan, Ponnuthurai and Klassen, Michael S},
  journal={Dynamics},
  volume={4},
  number={1},
  pages={135--156},
  year={2024},
  publisher={MDPI}
}
